<?xml version="1.0" encoding="UTF-8"?><collection xmlns="http://www.loc.gov/MARC21/slim"><record><leader>00424nam--2200121-i-4500</leader><controlfield tag="001">000003205</controlfield><controlfield tag="002">20161230</controlfield><controlfield tag="005">20161230201025</controlfield><controlfield tag="008">060222s1000------------r-----000-0-eng-d</controlfield><datafield ind1=" " ind2=" " tag="100"><subfield code="a">Allport,Floyd H</subfield></datafield><datafield ind1=" " ind2=" " tag="245"><subfield code="a">Theories of perception and the concept of structure. a review and critical analysis with  an introduction to a dynamic structural theory of behavior</subfield></datafield><datafield ind1=" " ind2=" " tag="260"><subfield code="a">New-york, John Wiley, 1955 Xxii + 709 P</subfield></datafield><datafield ind1=" " ind2=" " tag="852"><subfield code="a">12795</subfield></datafield></record></collection>